@book{filipova2016learning,
	title={Learning Vue. js 2},
	author={Filipova, Olga},
	year={2016},
	publisher={Packt Publishing Ltd}
}

@book{koury2012monopoly,
	title={Monopoly Strategy},
	author={Koury, Ken},
	year={2012},
	publisher={Lulu. com}
}

@misc{coombs1987markup,
  author={Drótos László},
  title={Monopoly, ingatlankereskedelmi társasjáték},
  howpublished={ \url{https://listserv.niif.hu/pipermail/mit-hol/2000-January/000385.html}},
  year={2000}
}

@book{teixeira2012professional,
	title={Professional Node. js: Building Javascript based scalable software},
	author={Teixeira, Pedro},
	year={2012},
	publisher={John Wiley \& Sons}
}

@article{shanklin2007using,
	title={Using the Monopoly board game as an in-class economic simulation in the Introductory Financial Accounting course},
	author={Shanklin, Stephen B and Ehlen, Craig R},
	journal={Journal of College Teaching \& Learning (TLC)},
	volume={4},
	number={11},
	year={2007}
}

@book{cantelon2014node,
	title={Node. js in Action},
	author={Cantelon, Mike and Harter, Marc and Holowaychuk, TJ and Rajlich, Nathan},
	year={2014},
	publisher={Manning Greenwich}
}

@inproceedings{frayn2005evolutionary,
	title={An Evolutionary Approach to Strategies for the Game of Monopoly.},
	author={Frayn, Colin},
	booktitle={CIG},
	year={2005},
	organization={Citeseer}
}

@misc{markup6,
  howpublished={ \url{https://g7.hu/elet/20180506/ezzel-a-taktikaval-hamar-nyomorba-dontod-a-jatekostarsaidat-monopolyban/}}
}

@misc{psychology,
  title={Monopoly, ahogy még nem ismered!},
  author={Csepely Fanni},
  howpublished={ \url{https://mindsetpszichologia.hu/monopoly-ahogy-meg-nem-ismered}},
  year={2017}
}